@incollection{labov:boundares:1973,
  author      = "William Labov",
  title       = "The boundaries of words and their meaning",
  editor      = "Charles-James Nice Bailey and Roger W. Shuy",
  booktitle   = "New Ways of Analyzing Variation in English",
  publisher   = "Southeastern Conference on Linguistics",
  address     = "Georgetown University",
  year        = 1972,
  pages       = "340--371"
}
@article{andersen:cups_and_glasses:1975,
  title={Cups and glasses: Learning that boundaries are vague},
  author={Andersen, Elaine S},
  journal={Journal of Child Language},
  volume={2},
  number={1},
  pages={79--103},
  year={1975},
  publisher={Cambridge University Press}
}
% Huang et al. Automating Intention Mining
@article{huang:aim:2018,
  title={Automating intention mining},
  author={Huang, Qiao and Xia, Xin and Lo, David and Murphy, Gail C},
  journal={IEEE Transactions on Software Engineering},
  year={2018},
  publisher={IEEE}
}
% Di Sorbo et al. (2016)
@inproceedings{disorbo:deca:2016,
  title={DECA: development emails content analyzer},
  author={Di Sorbo, Andrea and Panichella, Sebastiano and Visaggio, Corrado A and Di Penta, Massimiliano and Canfora, Gerardo and Gall, Harald},
  booktitle={2016 IEEE/ACM 38th International Conference on Software Engineering Companion (ICSE-C)},
  pages={641--644},
  year={2016},
  organization={IEEE}
}
@inproceedings{maalej:bug_feature_praise:2015,
  title={Bug report, feature request, or simply praise? on automatically classifying app reviews},
  author={Maalej, Walid and Nabil, Hadeer},
  booktitle={2015 IEEE 23rd international requirements engineering conference (RE)},
  pages={116--125},
  year={2015},
  organization={IEEE}
}
@inproceedings{guzzi:developer_communication:2012,
  title={Facilitating enterprise software developer communication with CARES},
  author={Guzzi, Anja and Begel, Andrew and Miller, Jessica K and Nareddy, Krishna},
  booktitle={2012 28th IEEE International Conference on Software Maintenance (ICSM)},
  pages={527--536},
  year={2012},
  organization={IEEE}
}
@inproceedings{pagano:user_feedback:2013,
  title={User feedback in the appstore: An empirical study},
  author={Pagano, Dennis and Maalej, Walid},
  booktitle={2013 21st IEEE international requirements engineering conference (RE)},
  pages={125--134},
  year={2013},
  organization={IEEE}
}
@article{lehrer1970indeterminacy,
  title={Indeterminacy in semantic description},
  author={Lehrer, Adrienne},
  journal={Glossa},
  volume={4},
  number={1},
  pages={87--110},
  year={1970}
}
@inproceedings{guzzi:communication_in_mailing_lists:2013,
  title={Communication in open source software development mailing lists},
  author={Guzzi, Anja and Bacchelli, Alberto and Lanza, Michele and Pinzger, Martin and Deursen, Arie van},
  booktitle={Proceedings of the 10th Working Conference on Mining Software Repositories},
  pages={277--286},
  year={2013},
  organization={IEEE Press}
}
% Categorize reviews according to new feature, bug report, or other.
@inproceedings{villarroel:app_reviews:2016,
  title={Release planning of mobile apps based on user reviews},
  author={Villarroel, Lorenzo and Bavota, Gabriele and Russo, Barbara and Oliveto, Rocco and Di Penta, Massimiliano},
  booktitle={2016 IEEE/ACM 38th International Conference on Software Engineering (ICSE)},
  pages={14--24},
  year={2016},
  organization={IEEE}
}
% Intention mining on app reviews (1)
@inproceedings{panichella:app_reviews:2015,
  title={How can i improve my app? classifying user reviews for software maintenance and evolution},
  author={Panichella, Sebastiano and Di Sorbo, Andrea and Guzman, Emitza and Visaggio, Corrado A and Canfora, Gerardo and Gall, Harald C},
  booktitle={2015 IEEE international conference on software maintenance and evolution (ICSME)},
  pages={281--290},
  year={2015},
  organization={IEEE}
}
% Intention mining on app reviews (2)
@inproceedings{gu:app_reviews:2015,
  title={"What Parts of Your Apps are Loved by Users?"(T)},
  author={Gu, Xiaodong and Kim, Sunghun},
  booktitle={2015 30th IEEE/ACM International Conference on Automated Software Engineering (ASE)},
  pages={760--770},
  year={2015},
  organization={IEEE}
}
% Intention mining on app reviews (3)
@inproceedings{DiSorbo:app_reviews:2016,
  title={What would users change in my app? summarizing app reviews for recommending software changes},
  author={Di Sorbo, Andrea and Panichella, Sebastiano and Alexandru, Carol V and Shimagaki, Junji and Visaggio, Corrado A and Canfora, Gerardo and Gall, Harald C},
  booktitle={Proceedings of the 2016 24th ACM SIGSOFT International Symposium on Foundations of Software Engineering},
  pages={499--510},
  year={2016},
  organization={ACM}
}
% Intention mining on app reviews (4)
@inproceedings{palomba:app_reviews:2017,
  title={Recommending and localizing change requests for mobile apps based on user reviews},
  author={Palomba, Fabio and Salza, Pasquale and Ciurumelea, Adelina and Panichella, Sebastiano and Gall, Harald and Ferrucci, Filomena and De Lucia, Andrea},
  booktitle={Proceedings of the 39th international conference on software engineering},
  pages={106--117},
  year={2017},
  organization={IEEE Press}
}
@article{kiyono:grammar:2019,
  title={An Empirical Study of Incorporating Pseudo Data into Grammatical Error Correction},
  author={Kiyono, Shun and Suzuki, Jun and Mita, Masato and Mizumoto, Tomoya and Inui, Kentaro},
  journal={arXiv preprint arXiv:1909.00502},
  year={2019}
}
@misc{bootstrap,
  title = {{Bootstrap}},
  howpublished = {\url{https://github.com/twbs/bootstrap}}
}
@misc{docker,
  title = {{Docker}},
  howpublished = {\url{https://github.com/moby/moby}}
}
@misc{tensorflow,
  title = {{Tensorflow}},
  howpublished = {\url{https://github.com/tensorflow/tensorflow}}
}
@misc{vscode,
  title = {{VSCode}},
  howpublished = {\url{https://github.com/Microsoft/vscode}}
}
@book{python3,
 author = {Van Rossum, Guido and Drake, Fred L.},
 title = {Python 3 Reference Manual},
 year = {2009},
 isbn = {1441412697, 9781441412690},
 publisher = {CreateSpace},
 address = {Paramount, CA},
} 
% Numpy
@book{numpy,
 author = {Oliphant, Travis E.},
 title = {Guide to NumPy},
 year = {2015},
 isbn = {151730007X, 9781517300074},
 edition = {2nd},
 publisher = {CreateSpace Independent Publishing Platform},
 address = {USA},
}

% PyTorch
@inproceedings{pytorch,
  title={Automatic differentiation in PyTorch},
  author={Paszke, Adam and Gross, Sam and Chintala, Soumith and Chanan, Gregory and Yang, Edward and DeVito, Zachary and Lin, Zeming and Desmaison, Alban and Antiga, Luca and Lerer, Adam},
  booktitle={NIPS-W},
  year={2017}
}
% colab
@incollection{Colab,
  title={Google Colaboratory},
  author={Bisong, Ekaba},
  booktitle={Building Machine Learning and Deep Learning Models on Google Cloud Platform},
  pages={59--64},
  year={2019},
  publisher={Springer}
}
@article{scikit-learn,
 title={Scikit-learn: Machine Learning in {P}ython},
 author={Pedregosa, F. and Varoquaux, G. and Gramfort, A. and Michel, V.
         and Thirion, B. and Grisel, O. and Blondel, M. and Prettenhofer, P.
         and Weiss, R. and Dubourg, V. and Vanderplas, J. and Passos, A. and
         Cournapeau, D. and Brucher, M. and Perrot, M. and Duchesnay, E.},
 journal={Journal of Machine Learning Research},
 volume={12},
 pages={2825--2830},
 year={2011}
}
@inproceedings{mccallum:naive_bayes:1998,
  title={A comparison of event models for naive bayes text classification},
  author={McCallum, Andrew and Nigam, Kamal},
  booktitle={AAAI-98 workshop on learning for text categorization},
  volume={752},
  number={1},
  pages={41--48},
  year={1998},
  organization={Citeseer}
}
@article{wright:logistic:1995,
  title={Logistic regression.},
  author={Wright, Raymond E},
  year={1995},
  publisher={American Psychological Association}
}
@article{chang:libsvm:2011,
  title={LIBSVM: A library for support vector machines},
  author={Chang, Chih-Chung and Lin, Chih-Jen},
  journal={ACM transactions on intelligent systems and technology (TIST)},
  volume={2},
  number={3},
  pages={27},
  year={2011},
  publisher={Acm}
}
@article{manning:naive_bayes:2010,
  title={Introduction to information retrieval},
  author={Manning, Christopher and Raghavan, Prabhakar and Sch{\"u}tze, Hinrich},
  journal={Natural Language Engineering},
  volume={16},
  number={1},
  pages={100--103},
  year={2010},
  publisher={Cambridge university press}
}
@article{hochreiter:lstm:1997,
  title={Long short-term memory},
  author={Hochreiter, Sepp and Schmidhuber, J{\"u}rgen},
  journal={Neural computation},
  volume={9},
  number={8},
  pages={1735--1780},
  year={1997},
  publisher={MIT Press}
}
@book{baeza:tfidf:1999,
  title={Modern information retrieval},
  author={Baeza-Yates, Ricardo and Ribeiro-Neto, Berthier and others},
  volume={463},
  year={1999},
  publisher={ACM press New York}
}
@InProceedings{StanfordCoreNLP,
  author    = {Manning, Christopher D. and  Surdeanu, Mihai  and  Bauer, John  and  Finkel, Jenny  and  Bethard, Steven J. and  McClosky, David},
  title     = {The {Stanford} {CoreNLP} Natural Language Processing Toolkit},
  booktitle = {Association for Computational Linguistics (ACL) System Demonstrations},
  year      = {2014},
  pages     = {55--60},
  url       = {http://www.aclweb.org/anthology/P/P14/P14-5010}
}
@inproceedings{mikolov:word2vec:2013,
  title={Distributed representations of words and phrases and their compositionality},
  author={Mikolov, Tomas and Sutskever, Ilya and Chen, Kai and Corrado, Greg S and Dean, Jeff},
  booktitle={Advances in neural information processing systems},
  pages={3111--3119},
  year={2013}
}
@article{borg:mds:2003,
  title={Modern multidimensional scaling: Theory and applications},
  author={Borg, Ingwer and Groenen, Patrick},
  journal={Journal of Educational Measurement},
  volume={40},
  number={3},
  pages={277--280},
  year={2003},
  publisher={Wiley Online Library}
}